%% This BibTeX bibliography file was created using BibDesk.
%% http://bibdesk.sourceforge.net/


%% Created for Matthew Flickner at 2014-10-15 20:17:10 -0700 


%% Saved with string encoding Unicode (UTF-8) 



@article{Truemper,
	Acmid = {1453802},
	Address = {New York, NY, USA},
	Author = {Truemper, Jacob M. and Sheng, Hong and Hilgers, Michael G. and Hall, Richard H. and Kalliny, Morris and Tandon, Basanta},
	Date-Modified = {2014-10-16 03:15:30 +0000},
	Doi = {10.1145/1453794.1453802},
	Issn = {0095-0033},
	Issue_Date = {November 2008},
	Journal = {SIGMIS Database},
	Keywords = {large display monitor, multiple monitors, multitasking, usability, user performance},
	Month = oct,
	Number = {4},
	Numpages = {16},
	Pages = {74--89},
	Publisher = {ACM},
	Title = {Usability in Multiple Monitor Displays},
	Url = {http://doi.acm.org/10.1145/1453794.1453802},
	Volume = {39},
	Year = {2008},
	Bdsk-Url-1 = {http://doi.acm.org/10.1145/1453794.1453802},
	Bdsk-Url-2 = {http://dx.doi.org/10.1145/1453794.1453802}
}

@inproceedings{
Kang,
 author = {Kang, Youn-ah and Stasko, John},
 title = {Lightweight Task/Application Performance Using Single Versus Multiple Monitors: A Comparative Study},
 booktitle = {Proceedings of Graphics Interface 2008},
 series = {GI '08},
 year = {2008},
 isbn = {978-1-56881-423-0},
 location = {Windsor, Ontario, Canada},
 pages = {17--24},
 numpages = {8},
 url = {http://dl.acm.org/citation.cfm?id=1375714.1375718},
 acmid = {1375718},
 publisher = {Canadian Information Processing Society},
 address = {Toronto, Ont., Canada, Canada},
 keywords = {evaluation, large display, multiple monitors, window management},
} 

@inproceedings{Hutchings,
 author = {Hutchings, Dugald Ralph and Smith, Greg and Meyers, Brian and Czerwinski, Mary and Robertson, George},
 title = {Display Space Usage and Window Management Operation Comparisons Between Single Monitor and Multiple Monitor Users},
 booktitle = {Proceedings of the Working Conference on Advanced Visual Interfaces},
 series = {AVI '04},
 year = {2004},
 isbn = {1-58113-867-9},
 location = {Gallipoli, Italy},
 pages = {32--39},
 numpages = {8},
 url = {http://doi.acm.org/10.1145/989863.989867},
 doi = {10.1145/989863.989867},
 acmid = {989867},
 publisher = {ACM},
 address = {New York, NY, USA},
 keywords = {UI logs, automation, multiple monitors, space management, user interaction, window management},
} 

@inproceedings{Grudin,
author = {Grudin, Jonathan},
 title = {Partitioning Digital Worlds: Focal and Peripheral Awareness in Multiple Monitor Use},
 booktitle = {Proceedings of the SIGCHI Conference on Human Factors in Computing Systems},
 series = {CHI '01},
 year = {2001},
 isbn = {1-58113-327-8},
 location = {Seattle, Washington, USA},
 pages = {458--465},
 numpages = {8},
 url = {http://doi.acm.org/10.1145/365024.365312},
 doi = {10.1145/365024.365312},
 acmid = {365312},
 publisher = {ACM},
 address = {New York, NY, USA},
 keywords = {awareness, displays, multiple monitors},
} 
