%% This BibTeX bibliography file was created using BibDesk.
%% http://bibdesk.sourceforge.net/


%% Created for Matthew Flickner at 2014-10-15 20:17:10 -0700 


%% Saved with string encoding Unicode (UTF-8) 



@article{Truemper,
	Acmid = {1453802},
	Address = {New York, NY, USA},
	Author = {Truemper, Jacob M. and Sheng, Hong and Hilgers, Michael G. and Hall, Richard H. and Kalliny, Morris and Tandon, Basanta},
	Date-Modified = {2014-10-16 03:15:30 +0000},
	Doi = {10.1145/1453794.1453802},
	Issn = {0095-0033},
	Issue_Date = {November 2008},
	Journal = {SIGMIS Database},
	Keywords = {large display monitor, multiple monitors, multitasking, usability, user performance},
	Month = oct,
	Number = {4},
	Numpages = {16},
	Pages = {74--89},
	Publisher = {ACM},
	Title = {Usability in Multiple Monitor Displays},
	Url = {http://doi.acm.org/10.1145/1453794.1453802},
	Volume = {39},
	Year = {2008},
	Bdsk-Url-1 = {http://doi.acm.org/10.1145/1453794.1453802},
	Bdsk-Url-2 = {http://dx.doi.org/10.1145/1453794.1453802}
}

@inproceedings{
Kang,
 author = {Kang, Youn-ah and Stasko, John},
 title = {Lightweight Task/Application Performance Using Single Versus Multiple Monitors: A Comparative Study},
 booktitle = {Proceedings of Graphics Interface 2008},
 series = {GI '08},
 year = {2008},
 isbn = {978-1-56881-423-0},
 location = {Windsor, Ontario, Canada},
 pages = {17--24},
 numpages = {8},
 url = {http://dl.acm.org/citation.cfm?id=1375714.1375718},
 acmid = {1375718},
 publisher = {Canadian Information Processing Society},
 address = {Toronto, Ont., Canada, Canada},
 keywords = {evaluation, large display, multiple monitors, window management},
} 

@inproceedings{Hutchings,
 author = {Hutchings, Dugald Ralph and Smith, Greg and Meyers, Brian and Czerwinski, Mary and Robertson, George},
 title = {Display Space Usage and Window Management Operation Comparisons Between Single Monitor and Multiple Monitor Users},
 booktitle = {Proceedings of the Working Conference on Advanced Visual Interfaces},
 series = {AVI '04},
 year = {2004},
 isbn = {1-58113-867-9},
 location = {Gallipoli, Italy},
 pages = {32--39},
 numpages = {8},
 url = {http://doi.acm.org/10.1145/989863.989867},
 doi = {10.1145/989863.989867},
 acmid = {989867},
 publisher = {ACM},
 address = {New York, NY, USA},
 keywords = {UI logs, automation, multiple monitors, space management, user interaction, window management},
} 

@inproceedings{Grudin,
author = {Grudin, Jonathan},
 title = {Partitioning Digital Worlds: Focal and Peripheral Awareness in Multiple Monitor Use},
 booktitle = {Proceedings of the SIGCHI Conference on Human Factors in Computing Systems},
 series = {CHI '01},
 year = {2001},
 isbn = {1-58113-327-8},
 location = {Seattle, Washington, USA},
 pages = {458--465},
 numpages = {8},
 url = {http://doi.acm.org/10.1145/365024.365312},
 doi = {10.1145/365024.365312},
 acmid = {365312},
 publisher = {ACM},
 address = {New York, NY, USA},
 keywords = {awareness, displays, multiple monitors},
} 

@inproceedings{Nagaraju,
 author = {Nagaraju, Samudrala},
 title = {Novel User Interaction Styles with Flexible/Rollable Screens},
 booktitle = {Proceedings of the Biannual Conference of the Italian Chapter of SIGCHI},
 series = {CHItaly '13},
 year = {2013},
 isbn = {978-1-4503-2061-0},
 location = {Trento, Italy},
 pages = {20:1--20:7},
 articleno = {20},
 numpages = {7},
 url = {http://doi.acm.org/10.1145/2499149.2499152},
 doi = {10.1145/2499149.2499152},
 acmid = {2499152},
 publisher = {ACM},
 address = {New York, NY, USA},
 keywords = {device sensors, flexible displays, mobile devices, mobile display modes, rollable displays, tangible interaction},
} 

@inproceedings{Khalilbeigi,
 author = {Khalilbeigi, Mohammadreza and Lissermann, Roman and M\"{u}hlh\"{a}user, Max and Steimle, J\"{u}rgen},
 title = {Xpaaand: Interaction Techniques for Rollable Displays},
 booktitle = {Proceedings of the SIGCHI Conference on Human Factors in Computing Systems},
 series = {CHI '11},
 year = {2011},
 isbn = {978-1-4503-0228-9},
 location = {Vancouver, BC, Canada},
 pages = {2729--2732},
 numpages = {4},
 url = {http://doi.acm.org/10.1145/1978942.1979344},
 doi = {10.1145/1978942.1979344},
 acmid = {1979344},
 publisher = {ACM},
 address = {New York, NY, USA},
 keywords = {input technique., mobile device, resizing, rollable display, screen, scroll, tangible interaction},
}

@inproceedings{Dijkstra,
 author = {Dijkstra, Rob and Perez, Christopher and Vertegaal, Roel},
 title = {Evaluating Effects of Structural Holds on Pointing and Dragging Performance with Flexible Displays},
 booktitle = {Proceedings of the SIGCHI Conference on Human Factors in Computing Systems},
 series = {CHI '11},
 year = {2011},
 isbn = {978-1-4503-0228-9},
 location = {Vancouver, BC, Canada},
 pages = {1293--1302},
 numpages = {10},
 url = {http://doi.acm.org/10.1145/1978942.1979135},
 doi = {10.1145/1978942.1979135},
 acmid = {1979135},
 publisher = {ACM},
 address = {New York, NY, USA},
 keywords = {Fitt's Law, flexible displays, organic user interfaces},
} 

@inproceedings{Steimle,
 author = {Steimle, J\"{u}rgen and Jordt, Andreas and Maes, Pattie},
 title = {Flexpad: Highly Flexible Bending Interactions for Projected Handheld Displays},
 booktitle = {Proceedings of the SIGCHI Conference on Human Factors in Computing Systems},
 series = {CHI '13},
 year = {2013},
 isbn = {978-1-4503-1899-0},
 location = {Paris, France},
 pages = {237--246},
 numpages = {10},
 url = {http://doi.acm.org/10.1145/2470654.2470688},
 doi = {10.1145/2470654.2470688},
 acmid = {2470688},
 publisher = {ACM},
 address = {New York, NY, USA},
 keywords = {bending, deformation, depth camera, flexible display, handheld display, projection, tracking, volumetric data},
} 

@MISC{LG,
author = {LG Press Release},
title = {LG Display Unveils 18-inch Flexible and Transparent OLED Panels},
year = {2014},
howpublished= {\url{http://lgdnewsroom.com/press_releases/4117}},
urldate = {2014-11-22},
}

@MISC{Tog,
author = {Tognazzini, Bruce},
title = {First Principles of Interaction Design},
year = {2014},
howpublished = {\url{http://asktog.com/atc/principles-of-interaction-design/}},
urldate = {2014-11-24},
}

@inproceedings{Lin,
 author = {Lin, Chun-Han and Kang, Chih-Kai and Hsiu, Pi-Cheng},
 title = {Catch Your Attention: Quality-retaining Power Saving on Mobile OLED Displays},
 booktitle = {Proceedings of the 51st Annual Design Automation Conference},
 series = {DAC '14},
 year = {2014},
 isbn = {978-1-4503-2730-5},
 location = {San Francisco, CA, USA},
 pages = {42:1--42:6},
 articleno = {42},
 numpages = {6},
 url = {http://doi.acm.org/10.1145/2593069.2593104},
 doi = {10.1145/2593069.2593104},
 acmid = {2593104},
 publisher = {ACM},
 address = {New York, NY, USA},
 keywords = {OLED displays, mobile devices, power saving, visual attention},
} 

@inproceedings{Nielsen,
 author = {Nielsen, Jakob and Molich, Rolf},
 title = {Heuristic Evaluation of User Interfaces},
 booktitle = {Proceedings of the SIGCHI Conference on Human Factors in Computing Systems},
 series = {CHI '90},
 year = {1990},
 isbn = {0-201-50932-6},
 location = {Seattle, Washington, USA},
 pages = {249--256},
 numpages = {8},
 url = {http://doi.acm.org/10.1145/97243.97281},
 doi = {10.1145/97243.97281},
 acmid = {97281},
 publisher = {ACM},
 address = {New York, NY, USA},
} 

